@online{cloudcomputing-thirdwave,
  title  = {Hello World},
  author = {Fermyon Technologies Inc.},
  date   = {2022-02-08},
  url    = {https://www.fermyon.com/blog/2022-02-08-hello-world}
}

@article{webassembly-concepts,
  title  = {WebAssembly Concepts},
  author = {Mozilla},
  url    = {https://developer.mozilla.org/en-US/docs/WebAssembly/Concepts}
}

@article{docker-wasm-tech-preview,
  title  = {WebAssembly Concepts},
  author = {Michael Irwin},
  date   = {2022-10-24},
  url    = {https://www.docker.com/blog/docker-wasm-technical-preview/}
}

@article{most-popular-technologies-stack-overflow,
  title  = {Stack Overflow Most Popular Technologies Survey 2022},
  author = {Stack Exchange, Inc.},
  year   = {2022},
  url    = {https://survey.stackoverflow.co/2022/#section-most-popular-technologies-programming-scripting-and-markup-languages}
}

@article{capability-based-security,
  title  = {Early Capability Architectures},
  author = {Jack B. Dennis e Earl C. Van Horn},
  year   = {1966},
  url    = {https://homes.cs.washington.edu/~levy/capabook/Chapter3.pdf}
}

@article{wasm-capability-tuple,
  title  = {Capability-based Access Control Mechanisms},
  author = {Professor Fred B. Schneider},
  url    = {https://www.cs.cornell.edu/courses/cs513/2000SP/L08.html}
}

@book{compilers-foundamentals,
  author    = {Alfred V. Aho, Monica S. Lam, Ravi Sethi, e Jeffrey D. Ullman},
  publisher = {Pearson Education, Inc},
  title     = {Compilers: Principles, Techniques, and Tools},
  year      = {2006}
}

@online{a-way-to-rethink-microservices,
  title  = {Rethinking Microservices},
  author = {Fermyon Technologies Inc.},
  date   = {2023-02-28},
  url    = {https://www.fermyon.com/blog/rethinking-microservices}
}

@online{why-containers-and-wasm,
  title  = {Why Containers and WebAssembly Work Well Together},
  author = {Tyler Charboneau},
  date   = {2022-07-01},
  url    = {https://www.docker.com/blog/why-containers-and-webassembly-work-well-together/}
}